
@inproceedings{QuasiQuotation,
	author = {Alan Bawden},
	booktitle = {Partial Evaluation and Semantic-Based Program Manipulation},
	pages = {4--12},
	title = {Quasiquotation in Lisp},
	year = {1999}
}



@Article{APIGen,
  author = 	 {H. A. de Jong  and P. A. Olivier},
  title = 	 {Generation of abstract programming interfaces from syntax definitions},
  journal = 	 {Journal of Logic and Algebraic Programming},
  year = 	 {2004},
  key = 	 {},
  volume = 	 {59},
  number = 	 {1--2},
  pages = 	 {35--61},
  month = 	 {April-May},
}

@inproceedings{PrettyPrintingSoftwareReengineering,
 author = {M. de Jonge},
 title = {Pretty-Printing for Software Reengineering},
 booktitle = {ICSM '02: Proceedings of the International Conference on Software Maintenance},
 year = {2002},
 isbn = {0-7695-1819-2},
 pages = {550},
 publisher = {IEEE Computer Society},
 address = {Washington, DC, USA},
 }

@inproceedings{ContextSensitiveFormatting,
 author = {M. G. J. Van den Brand and A. T. Kooiker and J. J. Vinju},
 title = {A Language Independent Framework for Context-sensitive Formatting},
 booktitle = {CSMR '06: Proceedings of the Conference on Software Maintenance and Reengineering},
 year = {2006},
 isbn = {0-7695-2536-9},
 pages = {103--112},
 publisher = {IEEE Computer Society},
 address = {Washington, DC, USA},
 }

@inproceedings{ProgrammableSyntaxMacros,
 author = {Daniel Weise and Roger Crew},
 title = {Programmable syntax macros},
 booktitle = {PLDI '93: Proceedings of the ACM SIGPLAN 1993 conference on Programming language design and implementation},
 year = {1993},
 isbn = {0-89791-598-4},
 pages = {156--165},
 location = {Albuquerque, New Mexico, United States},
 doi = {http://doi.acm.org/10.1145/155090.155105},
 publisher = {ACM},
 address = {New York, NY, USA},
 }

@InCollection{HistoryOfLISP,
 author = {John McCarthy},
 title = {History of {LISP}},
 booktitle = {History of programming languages I},
 year = {1981},
 isbn = {0-12-745040-8},
 pages = {173--185},
 doi = {http://doi.acm.org/10.1145/800025.1198360},
 publisher = {ACM},
 address = {New York, NY, USA},
 }

@Misc{MacrosVSBlocks,
  author = 	 {G. L. Steele},
  title = 	 {{RE:} macros vs. blocks},
  howpublished = {Mailing list: {\url{ll1-discuss@ai.mit.edu}}},
  month = 	 {November},
  year = 	 {2002},
  note = 	 {Online: {\url{http://people.csail.mit.edu/gregs/ll1-discuss-archive-html/msg02088.html}}},
  OPTannote = 	 {}
}

@InProceedings{XExpressions,
  author = 	 {A. Repenning and A. Ioannidou},
  title = 	 {{X-expressions in XMLisp}: {S-expressions} and Extensible Markup Language Unite},
  booktitle = {Proceedings of the ACM SIGPLAN International Lisp Conference (ILC 2007)},
  year = 	 {2007},
  publisher = {ACM Press},
}

@Book{CommonLispTL2,
  author = 	 {Guy L. Steele},
  title = 	 {Common Lisp the Language},
  publisher = 	 {Digital Press},
  year = 	 {1990},
  edition = 	 {2nd},
}

@article{WhenAndHowDSL,
 author = {Marjan Mernik and Jan Heering and Anthony M. Sloane},
 title = {When and how to develop domain-specific languages},
 journal = {ACM Comput. Surv.},
 volume = {37},
 number = {4},
 year = {2005},
 issn = {0360-0300},
 pages = {316--344},
 doi = {http://doi.acm.org/10.1145/1118890.1118892},
 publisher = {ACM},
 address = {New York, NY, USA},
 }

@article{Scheme5Report,
 author = {N. I. Adams, IV and D. H. Bartley and G. Brooks and
                  R. K. Dybvig and D. P. Friedman and R. Halstead and
                  C. Hanson and C. T. Haynes and E. Kohlbecker and
                  D. Oxley and K. M. Pitman and G. J. Rozas and
                  G. L. Steele, Jr. and G. J. Sussman and M. Wand and
                  H. Abelson},
 title = {Revised{$^5$} report on the algorithmic language {Scheme}},
 journal = {SIGPLAN Not.},
 volume = {33},
 number = {9},
 year = {1998},
 issn = {0362-1340},
 pages = {26--76},
 doi = {http://doi.acm.org/10.1145/290229.290234},
 publisher = {ACM},
 address = {New York, NY, USA},
 }

@PhdThesis{RekersThesis,
  author = 	 {J. Rekers},
  title = 	 {Parser Generation for Interactive Environments},
  school = 	 {University of Amsterdam},
  year = 	 {1992}
}


@PhdThesis{EelcoVisserThesis,
  author = 	 {Eelco Visser},
  title = 	 {Syntax Definition for Language Prototyping},
  school = 	 {University of Amsterdam},
  year = 	 {1997}
}

@inproceedings{MetaII,
 author = {D. V. Schorre},
 title = {{META II} a syntax-oriented compiler writing language},
 booktitle = {Proceedings of the 1964 19th ACM national conference},
 year = {1964},
 pages = {41.301--41.3011},
 doi = {http://doi.acm.org/10.1145/800257.808896},
 publisher = {ACM},
 address = {New York, NY, USA},
 }

@article{IncrementalParserGeneration,
    author = {J. Heering and P. Klint and J. Rekers},
    title = {Incremental Generation of Parsers},
    journal = {{IEEE} Transactions on Software Engineering},
    volume = {16},
    number = {12},
    pages = {1344--1350},
    year = 1990
}

@article{CommonPrototyping,
 author = {R. P. Gabriel},
 title = {Draft report on requirements for a common prototyping system},
 journal = {SIGPLAN Not.},
 volume = {24},
 number = {3},
 year = {1989},
 issn = {0362-1340},
 pages = {93--165},
 doi = {http://doi.acm.org/10.1145/66083.66092},
 publisher = {ACM},
 address = {New York, NY, USA},
 }

@article{ExtensibilityInProgLangDesign,
 author = {Thomas A. Standish},
 title = {Extensibility in programming language design},
 journal = {SIGPLAN Not.},
 volume = {10},
 number = {7},
 year = {1975},
 issn = {0362-1340},
 pages = {18--21},
 doi = {http://doi.acm.org/10.1145/987305.987310},
 publisher = {ACM},
 address = {New York, NY, USA},
 }

@article{PanelExtensibility,
 author = {Peter Wegner},
 title = {Panel on the concept of extensibility},
 journal = {SIGPLAN Not.},
 volume = {4},
 number = {8},
 year = {1969},
 issn = {0362-1340},
 pages = {53--54},
 doi = {http://doi.acm.org/10.1145/1115858.1115871},
 publisher = {ACM},
 address = {New York, NY, USA},
 }

@TechReport{ExtensibleSyntax,
  author = 	 {Luca Cardelli and Florian Matthes and Mart{\'{\i}}n Abadi},
  title = 	 {Extensible syntax with lexical scoping},
  institution =  {DEC},
  year = 	 {1994},
  type = 	 {SRC},
  number = 	 {RR-121}
}

@inproceedings{ConcreteSyntaxForObjects,
 author = {Martin Bravenboer and Eelco Visser},
 title = {Concrete syntax for objects: domain-specific language embedding and assimilation without restrictions},
 booktitle = {OOPSLA '04: Proceedings of the 19th annual ACM SIGPLAN conference on Object-oriented programming, systems, languages, and applications},
 year = {2004},
 isbn = {1-58113-831-9},
 pages = {365--383},
 location = {Vancouver, BC, Canada},
 doi = {http://doi.acm.org/10.1145/1028976.1029007},
 publisher = {ACM},
 address = {New York, NY, USA},
 }

@inproceedings{Lithe,
 author = {David Sandberg},
 title = {Lithe: a language combining a flexible syntax and classes},
 booktitle = {POPL '82: Proceedings of the 9th ACM SIGPLAN-SIGACT symposium on Principles of programming languages},
 year = {1982},
 isbn = {0-89791-065-6},
 pages = {142--145},
 location = {Albuquerque, Mexico},
 doi = {http://doi.acm.org/10.1145/582153.582169},
 publisher = {ACM},
 address = {New York, NY, USA},
 }

@inproceedings{MetaMorphic,
 author = {Claus Brabrand and Michael I. Schwartzbach},
 title = {Growing languages with metamorphic syntax macros},
 booktitle = {PEPM '02: Proceedings of the 2002 ACM SIGPLAN workshop on Partial evaluation and semantics-based program manipulation},
 year = {2002},
 isbn = {1-58113-455-X},
 pages = {31--40},
 location = {Portland, Oregon},
 doi = {http://doi.acm.org/10.1145/503032.503035},
 publisher = {ACM},
 address = {New York, NY, USA},
 }

@article{Smalltalk72,
 author = {John F. Shoch},
 title = {An overview of the programming language Smalltalk-72},
 journal = {SIGPLAN Not.},
 volume = {14},
 number = {9},
 year = {1979},
 issn = {0362-1340},
 pages = {64--73},
 doi = {http://doi.acm.org/10.1145/988113.988122},
 publisher = {ACM},
 address = {New York, NY, USA},
 }


@inproceedings{PackratLeftRec,
 author = {Alessandro Warth and James R. Douglass and Todd Millstein},
 title = {Packrat parsers can support left recursion},
 booktitle = {PEPM '08: Proceedings of the 2008 ACM SIGPLAN symposium on Partial evaluation and semantics-based program manipulation},
 year = {2008},
 isbn = {978-1-59593-977-7},
 pages = {103--110},
 location = {San Francisco, California, USA},
 doi = {http://doi.acm.org/10.1145/1328408.1328424},
 publisher = {ACM},
 address = {New York, NY, USA},
 }

@inproceedings{OMeta,
 author = {Alessandro Warth and Ian Piumarta},
 title = {{OMeta}: an object-oriented language for pattern matching},
 booktitle = {DLS '07: Proceedings of the 2007 symposium on Dynamic languages},
 year = {2007},
 isbn = {978-1-59593-868-8},
 pages = {11--19},
 location = {Montreal, Quebec, Canada},
 doi = {http://doi.acm.org/10.1145/1297081.1297086},
 publisher = {ACM},
 address = {New York, NY, USA},
 }


@article{MonoLingual,
 author = {Jan Heering and Paul Klint},
 title = {Towards monolingual programming environments},
 journal = {ACM Trans. Program. Lang. Syst.},
 volume = {7},
 number = {2},
 year = {1985},
 issn = {0164-0925},
 pages = {183--213},
 doi = {http://doi.acm.org/10.1145/3318.3321},
 publisher = {ACM},
 address = {New York, NY, USA},
 }

@inproceedings{CurrentParsing,
 author = {Mark G. J. van den Brand and A. Sellink and C. Verhoef},
 title = {Current Parsing Techniques in Software Renovation Considered Harmful},
 booktitle = {IWPC '98: Proceedings of the 6th International Workshop on Program Comprehension},
 year = {1998},
 isbn = {0-8186-8560-3},
 pages = {108},
 publisher = {IEEE Computer Society},
 address = {Washington, DC, USA},
 }

@article{SDFManual,
 author = {J. Heering and P. R. H. Hendriks and P. Klint and J. Rekers},
 title = {The syntax definition formalism {\textsc{Sdf}}: reference manual},
 journal = {SIGPLAN Not.},
 volume = {24},
 number = {11},
 year = {1989},
 issn = {0362-1340},
 pages = {43--75},
 doi = {http://doi.acm.org/10.1145/71605.71607},
 publisher = {ACM},
 address = {New York, NY, USA},
 }

@TechReport{PicoReport,
  author = 	 {J. A. Bergstra and J. Heering and P. Klint},
  title = 	 {Algebraic definition of a simple programming language},
  institution =  {Centrum voor Wiskunde en Informatica (CWI)},
  year = 	 {1985},
  type = 	 {CS},
  number = 	 {R8504},
  month = 	 {February}
}

@TechReport{Eentalig,
  author = 	 {Jan Heering},
  title = 	 {Eentalige programmeeromgevingen},
  institution =  {Centrum voor Wiskunde en Informatica (CWI)},
  year = 	 {1985},
  type = 	 {CS},
  number = 	 {N8503},
  month = 	 {April},
  note = {In Dutch}
}

@ARTICLE{Klint93,
  author = {P. Klint},
  title = {A Meta-Environment for Generating Programming Environments},
  journal = {ACM Transactions on Software Engineering and Methodology},
  year = {1993},
  volume = {2},
  pages = {176--201},
  number = {2},
  month = {April},
  publisher = {ACM Press}
}

@book{BHK89,
  editor      = {J. A. Bergstra and J. Heering and P. Klint},
  title       = "Algebraic Specification",
  publisher   = {ACM Press/Addison-Wesley},
  year        = {1989}
}   

 @InCollection{BHK89:asf,
  author = 	 {J. A. Bergstra and J. Heering and P. Klint},
  title = 	 {The Algebraic Specification Formalism {ASF}},
  booktitle = 	 {Algebraic Specification},
  pages = 	 {1--66},
  publisher = {ACM Press},
  year = 	 {1989},
  editor = 	 {J.A. Bergstra and J. Heering and P. Klint},
  series = 	 {Frontier Series}
}

@inproceedings{BDHJJKKMOSVVV01,
author =     {M. G. J. van den Brand and A. van Deursen and J. Heering and
              H. A. de Jong and M. de Jonge and T. Kuipers and
              P. Klint and L. Moonen and P. A. Olivier and J. Scheerder and
              J. J. Vinju and E. Visser and J. Visser},
title =     {The {ASF}+{SDF} {M}eta-{E}nvironment: a {C}omponent-{B}ased
             {L}anguage {D}evelopment {E}nvironment},
editor =    {R. Wilhelm},
series =    {Lecture Notes in Computer Science},
Volume =    {2027},
booktitle = {Compiler Construction (CC '01)},
year =      {2001},
pages =	    {365--370},
publisher = {Springer-Verlag}
}       

@article{ToolOriented,
 author = {J. Heering and P. Klint},
 title = {Semantics of Programming Languages: A Tool-Oriented Approach},
 journal = {ACM Sigplan Notices},
 year = {2000},
 volume = {35},
 number = {3},
 pages = {39--48},
 month = mar
}
